@online{skript,
  author = {TU Dortmund},
  title = {Versuch 21 Optisches Pumpen},
  url = {http://129.217.224.2/HOMEPAGE/PHYSIKER/BACHELOR/FP/SKRIPT/V21n_TeachSpin_new.pdf},
  urldate = {2017-07-4}
}


@online{wolf,
  author = {WolframAlpha},
  title = {magnetism Dortmund, North Rhine-Westphalia},
  url = {https://www.wolframalpha.com/input/?i=dortmund+magnetic},
  urldate = {2017-07-4}
}

@online{verhalt,
  author = {Chemie.de},
  title = {Liste der Isotope/5.Periode},
  url = {http://www.chemie.de/lexikon/Liste_der_Isotope%2F5._Periode.html#37_Rubidium.html},
  urldate = {2017-07-4}
}
