@online{skript,
  author = {TU Dortmund},
  title = {Versuch 64 Moderne Interferometrie},
  url = {http://129.217.224.2/HOMEPAGE/PHYSIKER/BACHELOR/FP/SKRIPT/Interferometrie.pdf},
  urldate = {2017-05-30}
}
