@online{sample,
  author = {TU Dortmund},
  title = {Versuch 703 Das Geiger-Müller-Zählrohr},
  url = {http://129.217.224.2/HOMEPAGE/PHYSIKER/BACHELOR/AP/SKRIPT/V703.pdf},
  urldate = {2016-05-24}
}
