@online{skript,
  author = {TU Dortmund},
  title = {Versuch 27 Der Zeeman-Effekt},
  url = {http://129.217.224.2/HOMEPAGE/PHYSIKER/BACHELOR/FP/SKRIPT/V27.pdf},
  urldate = {2017-21-07}
}
