@online{skript,
  author = {TU Dortmund},
  title = {Versuch 25: Der Stern-Gerlach Versuch },
  url = {http://129.217.224.2/HOMEPAGE/PHYSIKER/BACHELOR/FP/SKRIPT/V25.pdf},
  urldate = {2017-05-11}
}
